@article{madsen09,
	author = "Lisa Madsen",
	title = "Maximum Likelihood Estimation of Regression Parameters with Spatially Dependent Discrete Data",
	journal = "Journal of Agricultural, Biological, and Environmental Statistics",
	volume = "14",
	pages = "375-391",
	year = "2009",
	DOI = "10.1198/jabes.2009.07116"
}
@article{verhoef13,
	author = "Jay M. Ver Hoef, Hailemariam Temesgen",
	title = "A Comparison of the Spatial Linear Model to Nearest Neighbor (k-NN) Methods for Forestry Applications",
	journal = "PLoS ONE",
	year = "2013",
	DOI = "https://doi.org/10.1371/journal.pone.0059129"
}
@article{verhoef02,
	author = "Jay M. Ver Hoef",
	title = "Sampling and geostatistics for spatial data",
	journal = "Ecoscience",
	year = "2002",
	volume = "9",
	pages = "152-161"
}
@article{verhoef06,
	author = "Jay M. Ver Hoef",
	title = "Spatial methods for plot-based sampling of wildlife populations",
	journal = "Publications, Agencies and Staff of the US Department of Commerce",
	volume = "183",
	year = "2008"
}
@article{hengl18,
	author = "Hengl et. al",
	title = "Random forest as a generic framework for predictive modeling of spatial and spatio-temporal variables",
	journal = "PeerJ - Life and Environment",
	year = "2018",
	DOI = "10.7717/peerj.5518"
}
@online{rfsp,
	author = "Hengl et. al",
	title = "RFsp - Random Forest for spatial data (R tutorial)",
	url = "https://peerj.com/preprints/26693v1/GeoMLA_README_thengl.pdf"
}
@article{raynolds16,
	author = "Martha Raynolds and Donald Walker",
	title = "Increased wetness counfounds Landsat-derived NDVI trends in the centeral Alaska Slope region, 1985-2011",
	year = "2016",
	journal = "Environmental Research Letters",
	volume = "11",
	DOI = "https://iopscience.iop.org/article/10.1088/1748-9326/11/8/085004"
}
@article{kumar07,
	title = "Copula based prediction models: an application to an aortic regurgitation study",
	year = "2007",
	journal = "BMC Medical Research Methodology",
	volume = "7",
	DOI = "https://doi.org/10.1186/1471-2288-7-21"
}
@article{duan17,
	title = "A Gaussian copula regression model for movie box-office revenue prediction",
	author = "Junwen Duan, Xiao Ding, Ting Liu",
	journal = "Science China",
	year = "2017",
	volume = "60",
	DOI = "10.1007/s11432-015-0905-6"
}

